@inproceedings{nltk,
 author = {Bird, Steven},
 title = {NLTK: the natural language toolkit},
 booktitle = {Proceedings of the COLING/ACL on Interactive presentation sessions},
 series = {COLING-ACL '06},
 year = {2006},
 location = {Sydney, Australia},
 pages = {69--72},
 numpages = {4},
 url = {http://dx.doi.org/10.3115/1225403.1225421},
 doi = {10.3115/1225403.1225421},
 acmid = {1225421},
 publisher = {Association for Computational Linguistics},
 address = {Stroudsburg, PA, USA},
}